@book{amariDifferentialGeometricalMethodsStatistics1985,
    title = {Differential-{{Geometrical Methods}} in {{Statistics}}},
    author = {Amari, Shun-ichi},
    year = {1985},
    series = {Lecture {{Notes}} in {{Statistics}}},
    volume = {28},
    publisher = {{Springer New York}}
}

@article{grementieriModelcentricDataManifold2021,
    author = {Grementieri, Luca and Fioresi, Rita},
    title = {Model-Centric Data Manifold: The Data Through the Eyes of the Model},
    journal = {SIAM Journal on Imaging Sciences},
    volume = {15},
    number = {3},
    year = {2022},
    doi = {10.1137/21M1437056}
}

@article{shenDefendingAdversarialAttacks2019,
    title={Defending Against Adversarial Attacks by Suppressing the Largest Eigenvalue of Fisher Information Matrix},
    author={Chaomin Shen and Yaxin Peng and Guixu Zhang and Jinsong Fan},
    journal={ArXiv},
    year={2019}
}

@inproceedings{shafahiAdversarialTrainingFree2019,
 author = {Shafahi, Ali and Najibi, Mahyar and Ghiasi, Mohammad Amin and Xu, Zheng and Dickerson, John and Studer, Christoph and Davis, Larry S and Taylor, Gavin and Goldstein, Tom},
 booktitle = {Advances in Neural Information Processing Systems},
 title = {Adversarial training for free!},
 volume = {32},
 year = {2019}
}

@article{hoffmanRobustLearningJacobian2019,
  title={Robust Learning with Jacobian Regularization},
  author={Judy Hoffman and Daniel A. Roberts and Sho Yaida},
  journal={ArXiv},
  year={2018}
}

@inproceedings{goodfellowExplainingHarnessingAdversarial2015,
  author    = {Ian J. Goodfellow and
               Jonathon Shlens and
               Christian Szegedy},
  title     = {Explaining and Harnessing Adversarial Examples},
  booktitle = {International Conference on Learning Representations},
  year      = {2015}
}

@inproceedings{szegedyIntriguingPropertiesNeural2014,
  author    = {Christian Szegedy and
               Wojciech Zaremba and
               Ilya Sutskever and
               Joan Bruna and
               Dumitru Erhan and
               Ian J. Goodfellow and
               Rob Fergus},
  title     = {Intriguing properties of neural networks},
  booktitle = {International Conference on Learning Representations},
  year      = {2014}
}

@inproceedings{cisseParsevalNetworksImproving2017,
	author        = "Moustapha Cissé and Piotr Bojanowski and Edouard Grave and Yann N. Dauphin and Nicolas Usunier",
	booktitle     = "{Proceedings of the 34th International Conference on Machine Learning}",
	pages         = "854--863",
	title         = "{Parseval Networks: Improving Robustness to Adversarial Examples}",
	year          = 2017,
    keywords = {AD}

}

@article{zhaoAdversarialAttackDetection2019,
    title = {The {{Adversarial Attack}} and {{Detection}} under the {{Fisher Information Metric}}},
    author = {Zhao, Chenxiao and Fletcher, P. Thomas and Yu, Mixue and Peng, Yaxin and Zhang, Guixu and Shen, Chaomin},
    year = {2019},
    journal = {Proceedings of the AAAI Conference on Artificial Intelligence}
}

@inproceedings{NEURIPS2019_f1748d6b,
 author = {M\"{u}ller, Rafael and Kornblith, Simon and Hinton, Geoffrey E},
 booktitle = {Advances in Neural Information Processing Systems},
 editor = {H. Wallach and H. Larochelle and A. Beygelzimer and F. d\textquotesingle Alch\'{e}-Buc and E. Fox and R. Garnett},
 pages = {},
 publisher = {Curran Associates, Inc.},
 title = {When does label smoothing help?},
 url = {https://proceedings.neurips.cc/paper/2019/file/f1748d6b0fd9d439f71450117eba2725-Paper.pdf},
 volume = {32},
 year = {2019}
}

@inproceedings{
xiao2018spatially,
title={Spatially Transformed Adversarial Examples},
author={Chaowei Xiao and Jun-Yan Zhu and Bo Li and Warren He and Mingyan Liu and Dawn Song},
booktitle={International Conference on Learning Representations},
year={2018},
}

@article{skovgaardRiemannianGeometryMultivariate1984,
  title = {A {{Riemannian Geometry}} of the {{Multivariate Normal Model}}},
  author = {Skovgaard, Lene Theil},
  year = {1984},
  journal = {Scandinavian Journal of Statistics},
  volume = {11},
  number = {4},
  pages = {211--223}
}

@inproceedings{cohenCertifiedAdversarialRobustness2019,
  title = {Certified {{Adversarial Robustness}} via {{Randomized Smoothing}}},
  booktitle = {Proceedings of the 36th {{International Conference}} on {{Machine Learning}}},
  author = {Cohen, Jeremy and Rosenfeld, Elan and Kolter, Zico},
  year = {2019},
  month = may,
  pages = {1310--1320},
}

@article{zhangTheoreticallyPrincipledTradeoff2019,
  title = {Theoretically {{Principled Trade-off}} between {{Robustness}} and {{Accuracy}}},
  author = {Zhang, Hongyang and Yu, Yaodong and Jiao, Jiantao and Xing, Eric P and Ghaoui, Laurent El and Jordan, Michael I},
  year = {2019}
}

@InProceedings{pmlr-v97-zhang19p,
  title = 	 {Theoretically Principled Trade-off between Robustness and Accuracy},
  author =       {Zhang, Hongyang and Yu, Yaodong and Jiao, Jiantao and Xing, Eric and Ghaoui, Laurent El and Jordan, Michael},
  booktitle = 	 {Proceedings of the 36th International Conference on Machine Learning},
  pages = 	 {7472--7482},
  year = 	 {2019}
}

@inproceedings{
tsipras2018robustness,
title={Robustness May Be at Odds with Accuracy},
author={Dimitris Tsipras and Shibani Santurkar and Logan Engstrom and Alexander Turner and Aleksander Madry},
booktitle={International Conference on Learning Representations},
year={2019}
}

@inproceedings{DBLP:conf/iclr/MadryMSTV18,
  author    = {Aleksander Madry and
               Aleksandar Makelov and
               Ludwig Schmidt and
               Dimitris Tsipras and
               Adrian Vladu},
  title     = {Towards Deep Learning Models Resistant to Adversarial Attacks},
  booktitle = {6th International Conference on Learning Representations},
  year      = {2018}
}

@inproceedings{carliniEvaluatingRobustnessNeural2017,
  title = {Towards {{Evaluating}} the {{Robustness}} of {{Neural Networks}}},
  booktitle = {{{IEEE Symposium}} on {{Security}} and {{Privacy}}},
  author = {Carlini, Nicholas and Wagner, David},
  year = {2017},
  pages = {39--57}
}

@inproceedings{Gilmer2018,
  author    = {Justin Gilmer and
               Luke Metz and
               Fartash Faghri and
               Samuel S. Schoenholz and
               Maithra Raghu and
               Martin Wattenberg and
               Ian J. Goodfellow},
  title     = {Adversarial Spheres},
  booktitle = {6th International Conference on Learning Representations},
  year      = {2018}
}

@book{calinGeometricModelingProbability2014,
  title = {Geometric {{Modeling}} in {{Probability}} and {{Statistics}}},
  author = {Calin, Ovidiu and Udri{\c s}te, Constantin},
  year = {2014},
  publisher = {{Springer International Publishing}}
}

@article{cencovAlgebraicFoundationMathematical1978,
author = {N.N. Čencov},
title = {Algebraic foundation of mathematical statistics},
journal = {Series Statistics},
volume = {9},
number = {2},
pages = {267-276},
year  = {1978}
}

@article{papernotDistillationDefenseAdversarial2016,
  author = {Papernot, Nicolas and McDaniel, Patrick D. and Wu, Xi and Jha, Somesh and Swami, Ananthram},
  journal = {CoRR},
  title = {Distillation as a Defense to Adversarial Perturbations against Deep Neural Networks.},
  year = 2015
}



@inproceedings{wong2020,
  author    = {Eric Wong and
               Leslie Rice and
               J. Zico Kolter},
  title     = {Fast is better than free: Revisiting adversarial training},
  booktitle = {8th International Conference on Learning Representations (ICLR)},
  year      = {2020}
}

@inproceedings{croceReliableEvaluationAdversarial2020,
  title = {Reliable Evaluation of Adversarial Robustness with an Ensemble of Diverse Parameter-Free Attacks},
  booktitle = {37th {{International Conference}} on {{Machine Learning}} (ICML)},
  author = {Croce, Francesco and Hein, Matthias},
  year = {2020}
}

@article{picotAdversarialRobustnessFisherRao2022,
    author={Picot, Marine and Messina, Francisco and Boudiaf, Malik and Labeau, Fabrice and Ben Ayed, Ismail and Piantanida, Pablo},
    title={Adversarial Robustness via \textsc{F}isher-\textsc{R}ao Regularization}, 
    journal={IEEE Transactions on Pattern Analysis and Machine Intelligence}, 
    year={2022},
    doi={10.1109/TPAMI.2022.3174724}
}

@misc{tronCanonicalFoliationsNeural2022,
    author = {Tron, Eliot and Couellan, Nicolas and Puechmorel, Stéphane},    
    title = {Canonical foliations of neural networks: application to robustness},
    publisher = {arXiv},
    year = {2022},
    doi = {10.48550/ARXIV.2203.00922},
    url = {https://arxiv.org/abs/2203.00922}
}

@InProceedings{leinoGloballyRobustNeuralNetworks2021,
  title = 	 {Globally-Robust Neural Networks},
  author =       {Leino, Klas and Wang, Zifan and Fredrikson, Matt},
  booktitle = 	 {Proceedings of the 38th International Conference on Machine Learning},
  year = 	 {2021}
}

@article{liTrustworthyAIPrinciples2023,
  title = {Trustworthy {{AI}}: {{From Principles}} to {{Practices}}},
  author = {Li, Bo and Qi, Peng and Liu, Bo and Di, Shuai and Liu, Jingen and Pei, Jiquan and Yi, Jinfeng and Zhou, Bowen},
  year = {2022},
  journal = {ACM Computing Surveys},
  volume = {55},
  number = {9}
}

@misc{bethunePayAttentionYour2022,
  title = {Pay Attention to Your Loss: Understanding Misconceptions about 1-{{Lipschitz}} Neural Networks},
  author = {B{\'e}thune, Louis and Boissin, Thibaut and Serrurier, Mathieu and Mamalet, Franck and Friedrich, Corentin and {Gonz{\'a}lez-Sanz}, Alberto},
  year = {2022},
  publisher = {{arXiv}}
}



































